[gd_scene load_steps=7 format=2]

[ext_resource path="res://assets/fonts/Rubik-Regular.ttf" type="DynamicFontData" id=1]
[ext_resource path="res://components/hud/pause_menu.gd" type="Script" id=2]

[sub_resource type="StyleBoxFlat" id=1]
bg_color = Color( 0, 0, 0, 0.278431 )
border_width_top = 15
border_width_bottom = 15
border_color = Color( 0.12549, 0.129412, 0.172549, 1 )
corner_radius_top_left = 30
corner_radius_top_right = 30
corner_radius_bottom_right = 30
corner_radius_bottom_left = 30

[sub_resource type="StyleBoxFlat" id=2]
bg_color = Color( 0, 0, 0, 0.278431 )
border_width_top = 15
border_width_bottom = 15
border_color = Color( 0.12549, 0.129412, 0.172549, 1 )
corner_radius_top_left = 30
corner_radius_top_right = 30
corner_radius_bottom_right = 30
corner_radius_bottom_left = 30

[sub_resource type="StyleBoxFlat" id=3]
bg_color = Color( 0, 0, 0, 0.278431 )
border_width_top = 15
border_width_bottom = 15
border_color = Color( 0.239216, 0.247059, 0.329412, 1 )
corner_radius_top_left = 30
corner_radius_top_right = 30
corner_radius_bottom_right = 30
corner_radius_bottom_left = 30

[sub_resource type="DynamicFont" id=4]
size = 50
outline_size = 5
outline_color = Color( 0, 0, 0, 1 )
font_data = ExtResource( 1 )

[node name="PauseMenu" type="Control"]
anchor_right = 1.0
anchor_bottom = 1.0
rect_pivot_offset = Vector2( -760.485, -135.774 )
script = ExtResource( 2 )
__meta__ = {
"_edit_use_anchors_": false
}

[node name="ColorRect" type="ColorRect" parent="."]
anchor_right = 1.0
anchor_bottom = 1.0
color = Color( 0, 0, 0, 0.431373 )

[node name="ContinueButton" type="Button" parent="."]
anchor_left = 0.5
anchor_top = 0.5
anchor_right = 0.5
anchor_bottom = 0.5
margin_left = -450.0
margin_top = -155.0
margin_right = 450.0
margin_bottom = -65.0
mouse_default_cursor_shape = 2
custom_styles/hover = SubResource( 1 )
custom_styles/pressed = SubResource( 2 )
custom_styles/normal = SubResource( 3 )
custom_fonts/font = SubResource( 4 )
text = "Continue"
__meta__ = {
"_edit_use_anchors_": false
}

[node name="RestartButton" type="Button" parent="."]
anchor_left = 0.5
anchor_top = 0.5
anchor_right = 0.5
anchor_bottom = 0.5
margin_left = -450.0
margin_top = -45.0
margin_right = 450.0
margin_bottom = 45.0
mouse_default_cursor_shape = 2
custom_styles/hover = SubResource( 1 )
custom_styles/pressed = SubResource( 2 )
custom_styles/normal = SubResource( 3 )
custom_fonts/font = SubResource( 4 )
text = "Restart Level"
__meta__ = {
"_edit_use_anchors_": false
}

[node name="MenuButton" type="Button" parent="."]
anchor_left = 0.5
anchor_top = 0.5
anchor_right = 0.5
anchor_bottom = 0.5
margin_left = -450.0
margin_top = 65.0
margin_right = 450.0
margin_bottom = 155.0
mouse_default_cursor_shape = 2
custom_styles/hover = SubResource( 1 )
custom_styles/pressed = SubResource( 2 )
custom_styles/normal = SubResource( 3 )
custom_fonts/font = SubResource( 4 )
text = "Back to Menu"
__meta__ = {
"_edit_use_anchors_": false
}
